<record><leader>00000cas a22000007a 4500</leader><controlfield tag="001">26638958</controlfield><controlfield tag="008">920921d194719uunyuwr ne      0    0eng d</controlfield><datafield ind1=" " ind2=" " tag="010"><subfield code="a">sn 92062103 </subfield></datafield><datafield ind1=" " ind2=" " tag="040"><subfield code="a">NYS</subfield><subfield code="b">eng</subfield><subfield code="c">NYS</subfield><subfield code="d">OCLCQ</subfield></datafield><datafield ind1=" " ind2=" " tag="042"><subfield code="a">msc</subfield></datafield><datafield ind1="0" ind2=" " tag="130"><subfield code="a">Sentinel (Machias, N.Y.)</subfield></datafield><datafield ind1="1" ind2="4" tag="245"><subfield code="a">The sentinel.</subfield></datafield><datafield ind1="1" ind2="3" tag="246"><subfield code="a">Sentinel of Delevan-Machias</subfield><subfield code="f">&lt;1954&gt;</subfield></datafield><datafield ind1="1" ind2="3" tag="246"><subfield code="a">Delevan-Machias sentinel</subfield><subfield code="f">&lt;1954-1967&gt;</subfield></datafield><datafield ind1="1" ind2="7" tag="246"><subfield code="a">Sentinel press weeklies</subfield><subfield code="f">&lt;1954-1967&gt;</subfield></datafield><datafield ind1=" " ind2=" " tag="260"><subfield code="a">Machias, Cattaraugus County, N.Y. :</subfield><subfield code="b">G. Chester Gena</subfield></datafield><datafield ind1=" " ind2=" " tag="300"><subfield code="a">v.</subfield></datafield><datafield ind1=" " ind2=" " tag="310"><subfield code="a">Weekly</subfield></datafield><datafield ind1="0" ind2=" " tag="362"><subfield code="a">Vol. 17, no. 1 (Apr. 4, 1947)-</subfield></datafield><datafield ind1=" " ind2=" " tag="500"><subfield code="a">Published at Machias, N.Y., 1947-1954; at Franklinville, N.Y., 1954-&lt;1967&gt;.</subfield></datafield><datafield ind1=" " ind2=" " tag="500"><subfield code="a">Publishers: G. Chester Gena, &lt;1947&gt;; Raymond Wielosznski, &lt;1957&gt;; Sentinel press-weeklies, &lt;1967&gt;.</subfield></datafield><datafield ind1=" " ind2="4" tag="651"><subfield code="a">Franklinville (N.Y.)</subfield><subfield code="v">Newspapers.</subfield></datafield><datafield ind1=" " ind2="4" tag="651"><subfield code="a">Machias (N.Y.)</subfield><subfield code="v">Newspapers.</subfield></datafield><datafield ind1=" " ind2="4" tag="651"><subfield code="a">Delevan (N.Y.)</subfield><subfield code="v">Newspapers.</subfield></datafield><datafield ind1=" " ind2=" " tag="752"><subfield code="a">United States</subfield><subfield code="b">New York</subfield><subfield code="c">Cattaraugus</subfield><subfield code="d">Franklinville.</subfield></datafield><datafield ind1=" " ind2=" " tag="752"><subfield code="a">United States</subfield><subfield code="b">New York</subfield><subfield code="c">Cattaraugus</subfield><subfield code="d">Machias.</subfield></datafield><datafield ind1=" " ind2=" " tag="752"><subfield code="a">United States</subfield><subfield code="b">New York</subfield><subfield code="c">Cattaraugus</subfield><subfield code="d">Delevan.</subfield></datafield><datafield ind1="0" ind2=" " tag="775"><subfield code="t">Franklinville sentinel-press</subfield><subfield code="w">(DLC)sn 92062104</subfield><subfield code="w">(OCoLC)26628640</subfield></datafield><datafield ind1="0" ind2="0" tag="780"><subfield code="t">Machias sentinel</subfield><subfield code="w">(DLC)sn 92062074</subfield><subfield code="w">(OCoLC)26520382</subfield></datafield><datafield ind1="1" ind2=" " tag="029"><subfield code="a">AU@</subfield><subfield code="b">000020731484</subfield></datafield></record>